[gd_scene load_steps=10 format=2]

[ext_resource path="res://Environment/light.png" type="Texture" id=1]
[ext_resource path="res://Player/Guns/gun.png" type="Texture" id=2]
[ext_resource path="res://Player/Guns/Gun.gd" type="Script" id=3]

[sub_resource type="Animation" id=1]
resource_name = "flashlight_off"
length = 0.2
tracks/0/type = "value"
tracks/0/path = NodePath("flashlight:enabled")
tracks/0/interp = 1
tracks/0/loop_wrap = true
tracks/0/imported = false
tracks/0/enabled = true
tracks/0/keys = {
"times": PoolRealArray( 0 ),
"transitions": PoolRealArray( 1 ),
"update": 1,
"values": [ false ]
}

[sub_resource type="Animation" id=2]
resource_name = "flashlight_on"
length = 0.3
tracks/0/type = "value"
tracks/0/path = NodePath("flashlight:enabled")
tracks/0/interp = 1
tracks/0/loop_wrap = true
tracks/0/imported = false
tracks/0/enabled = true
tracks/0/keys = {
"times": PoolRealArray( 0 ),
"transitions": PoolRealArray( 1 ),
"update": 1,
"values": [ true ]
}

[sub_resource type="Animation" id=3]

[sub_resource type="Animation" id=4]
length = 0.1
tracks/0/type = "value"
tracks/0/path = NodePath("muzzle_flash:enabled")
tracks/0/interp = 1
tracks/0/loop_wrap = true
tracks/0/imported = false
tracks/0/enabled = true
tracks/0/keys = {
"times": PoolRealArray( 0, 0.01, 0.06 ),
"transitions": PoolRealArray( 1, 1, 1 ),
"update": 1,
"values": [ false, true, false ]
}

[sub_resource type="OccluderPolygon2D" id=5]
closed = false
polygon = PoolVector2Array( 21.1155, 6.49515, 13.6315, 6.49515, 13.6603, 0.883682, 20.9908, 0.840544 )

[sub_resource type="OccluderPolygon2D" id=6]
polygon = PoolVector2Array( 20.9137, -1.48588, 20.4148, -1.48588, 20.3732, 1.59089, 20.9553, 1.59089 )

[node name="Gun" type="Node2D"]
script = ExtResource( 3 )

[node name="weapon_animations" type="AnimationPlayer" parent="."]
anims/flashlight_off = SubResource( 1 )
anims/flashlight_on = SubResource( 2 )
anims/idle = SubResource( 3 )
anims/muzzle_flash = SubResource( 4 )

[node name="weapon_sprite" type="Sprite" parent="."]
position = Vector2( 14.4625, 0.324962 )
rotation = 1.5708
scale = Vector2( 0.5, 0.5 )
texture = ExtResource( 2 )

[node name="bullet_emitter" type="Position2D" parent="."]
position = Vector2( 26.4625, 0.0667 )
rotation = 1.5708
scale = Vector2( 0.7, 0.7 )

[node name="rate_of_fire" type="Timer" parent="."]
wait_time = 0.1

[node name="barrel_walls" type="LightOccluder2D" parent="."]
position = Vector2( 2.23799, -1.76141 )
scale = Vector2( 1, 0.5 )
occluder = SubResource( 5 )

[node name="flashlight" type="Light2D" parent="."]
light_mask = 3
position = Vector2( 20.6172, 0.054724 )
scale = Vector2( 0.65, 0.65 )
enabled = false
texture = ExtResource( 1 )
color = Color( 0.921569, 0.913725, 0.411765, 1 )
range_layer_min = -3
range_layer_max = 6
shadow_enabled = true

[node name="muzzle_flash" type="Light2D" parent="."]
light_mask = 4
position = Vector2( 28.1369, 0.0763129 )
scale = Vector2( 0.25, 0.25 )
enabled = false
texture = ExtResource( 1 )
color = Color( 0.945098, 0.392157, 0.027451, 1 )
energy = 1.75
range_layer_min = -1
range_item_cull_mask = 5
shadow_enabled = true
shadow_color = Color( 0.968627, 0.00392157, 0.00392157, 0 )
shadow_item_cull_mask = 5

[node name="muzzle_wall" type="LightOccluder2D" parent="."]
light_mask = 4
z_index = 1
occluder = SubResource( 6 )
light_mask = 4

[node name="Bullet" type="Node2D" parent="."]
position = Vector2( -0.124735, -1.78785 )
[connection signal="timeout" from="rate_of_fire" to="." method="_on_rate_of_fire_timeout"]
